@article{curtis2015combining,
  title={Combining public health education and disease ecology research: using citizen science to assess Chagas disease entomological risk in Texas},
  author={Curtis-Robles, Rachel and Wozniak, Edward J and Auckland, Lisa D and Hamer, Gabriel L and Hamer, Sarah A},
  journal={PLoS neglected tropical diseases},
  volume={9},
  number={12},
  year={2015},
  publisher={Public Library of Science}
}

@article{moritz2004dna,
  title={DNA barcoding: promise and pitfalls},
  author={Moritz, Craig and Cicero, Carla},
  journal={PLoS biology},
  volume={2},
  number={10},
  year={2004},
  publisher={Public Library of Science}
}

@article{hebert2003biological,
  title={Biological identifications through DNA barcodes},
  author={Hebert, Paul DN and Cywinska, Alina and Ball, Shelley L and Dewaard, Jeremy R},
  journal={Proceedings of the Royal Society of London. Series B: Biological Sciences},
  volume={270},
  number={1512},
  pages={313--321},
  year={2003},
  publisher={The Royal Society}
}

@article{naaum2015standards,
  title={Standards for conducting a DNA barcoding market survey: Minimum information and best practices},
  author={Naaum, Amanda Madelaine and Jaques, Jason St and Warner, Kimberly and Santschi, Linda and Imondi, Ralph and Hanner, Robert},
  journal={DNA Barcodes},
  volume={3},
  number={1},
  pages={80--84},
  year={2015},
  publisher={De Gruyter Open}
}

@article{wilkinson2016fair,
  title={The FAIR Guiding Principles for scientific data management and stewardship},
  author={Wilkinson, Mark D. and Dumontier, Michel and Aalbersberg, IJsbrand Jan and Appleton, Gabrielle and Axton, Myles and Baak, Arie and Blomberg, Niklas and Boiten, Jan-Willem and Bonino da Silva Santos, Luiz and Bourne, Philip E. and Bouwman, Jildau and Brookes, Anthony J.  and Clark, Tim and Crosas, Mercè and Dillo, Ingrid and Dumon, Olivier and Edmunds, Scott and Evelo, Chris T. and Finkers, Richard  and Gonzalez-Beltran, Alejandra and Gray, Alasdair J.G. and Groth, Paul and Goble, Carole and Grethe, Jeffrey S. and Heringa, Jaap and  Hoen, Peter A.C ’t and Hooft, Rob and Kuhn, Tobias and Kok, Ruben and Kok, Joost and Lusher, Scott J. and Martone, Maryann E. and Mons, Albert and Packer, Abel L. and Persson, Bengt and Rocca-Serra, Philippe and Roos, Marco and van Schaik, Rene and Sansone, Susanna-Assunta and Schultes, Erik and Sengstag, Thierry and Slater, Ted and Strawn, George and Swertz, Morris A. and Thompson, Mark and van der Lei, Johan and van Mulligen, Erik and Velterop, Jan and Waagmeester, Andra and Wittenburg, Peter and Wolstencroft, Katherine and Zhao, and and Mons, Barend},
  journal={Scientific data},
  volume={3},
  year={2016},
  publisher={Nature Publishing Group}
}